<record><leader>00000cas a2200000 a 4500</leader><controlfield tag="001">15277333</controlfield><controlfield tag="008">870306d18491851ohuwr ne      0    0eng c</controlfield><datafield ind1=" " ind2=" " tag="010"><subfield code="a">sn 87060137 </subfield></datafield><datafield ind1=" " ind2=" " tag="040"><subfield code="a">KNP</subfield><subfield code="b">eng</subfield><subfield code="c">KNP</subfield><subfield code="d">NPH</subfield><subfield code="d">KNP</subfield><subfield code="d">OCL</subfield><subfield code="d">ATL</subfield><subfield code="d">OCLCQ</subfield><subfield code="d">OCLCO</subfield><subfield code="d">OCLCA</subfield></datafield><datafield ind1="1" ind2=" " tag="029"><subfield code="a">AU@</subfield><subfield code="b">000020128979</subfield></datafield><datafield ind1=" " ind2=" " tag="042"><subfield code="a">pcc</subfield></datafield><datafield ind1=" " ind2=" " tag="043"><subfield code="a">n-us-oh</subfield></datafield><datafield ind1=" " ind2="4" tag="050"><subfield code="a">BX7301</subfield></datafield><datafield ind1="0" ind2="4" tag="245"><subfield code="a">The Christian age, and Protestant unionist.</subfield></datafield><datafield ind1="1" ind2="7" tag="246"><subfield code="a">Christian age and unionist</subfield></datafield><datafield ind1=" " ind2=" " tag="260"><subfield code="a">Cincinnati, Ohio :</subfield><subfield code="b">W.A. Scott &amp; Co.,</subfield><subfield code="c">1849-</subfield></datafield><datafield ind1=" " ind2=" " tag="300"><subfield code="a">v. ;</subfield><subfield code="c">60 cm.</subfield></datafield><datafield ind1=" " ind2=" " tag="310"><subfield code="a">Weekly</subfield></datafield><datafield ind1="0" ind2=" " tag="362"><subfield code="a">Vol. 5, no. 1 (Jan. 6, 1849)-</subfield></datafield><datafield ind1="1" ind2=" " tag="362"><subfield code="a">Ceased in Dec. 1851.</subfield></datafield><datafield ind1=" " ind2=" " tag="500"><subfield code="a">Publisher: G. Campbell &amp; Co., &lt;June 1849&gt;.</subfield></datafield><datafield ind1=" " ind2=" " tag="500"><subfield code="a">Published in Hygeia, Ohio, &lt;1850&gt;.</subfield></datafield><datafield ind1=" " ind2=" " tag="530"><subfield code="a">Also issued on microfilm by American Theological Library Association.</subfield></datafield><datafield ind1=" " ind2=" " tag="580"><subfield code="a">Formed by the union of: Christian age (Cincinnati, Ohio), and: Protestant unionist.</subfield></datafield><datafield ind1=" " ind2=" " tag="588"><subfield code="a">Latest issue consulted: Vol. 7, no. 47 (Nov. 20, 1851) = whole no. 359.</subfield></datafield><datafield ind1="2" ind2="0" tag="610"><subfield code="a">Disciples of Christ</subfield><subfield code="v">Newspapers.</subfield></datafield><datafield ind1=" " ind2="0" tag="651"><subfield code="a">Cincinnati (Ohio)</subfield><subfield code="v">Newspapers.</subfield></datafield><datafield ind1=" " ind2="0" tag="651"><subfield code="a">Hygiea (Ohio)</subfield><subfield code="v">Newspapers.</subfield></datafield><datafield ind1=" " ind2=" " tag="752"><subfield code="a">United States</subfield><subfield code="b">Ohio</subfield><subfield code="c">Hamilton</subfield><subfield code="d">Cincinnati.</subfield></datafield><datafield ind1=" " ind2=" " tag="752"><subfield code="a">United States</subfield><subfield code="b">Ohio</subfield><subfield code="d">Hygeia.</subfield></datafield><datafield ind1="1" ind2=" " tag="776"><subfield code="c">Microfilm</subfield><subfield code="d">American Theological Library Association</subfield><subfield code="w">(DLC)  2003221071</subfield><subfield code="w">(OCoLC)51677303</subfield></datafield><datafield ind1="1" ind2="4" tag="780"><subfield code="t">Christian age (Cincinnati, Ohio : 1845)</subfield></datafield><datafield ind1="1" ind2="4" tag="780"><subfield code="t">Protestant unionist</subfield><subfield code="w">(DLC)sn 85038396</subfield><subfield code="w">(OCoLC)12396220</subfield></datafield><datafield ind1="0" ind2="0" tag="785"><subfield code="t">Christian age (Cincinnati, Ohio : 1852)</subfield><subfield code="w">(DLC)sn 88084151</subfield><subfield code="w">(OCoLC)18400231</subfield></datafield></record>